@inproceedings{marlow2008parallel,
 author = {Marlow, Simon and Harris, Tim and James, Roshan P. and Peyton Jones, Simon},
 title = {Parallel Generational-copying Garbage Collection with a Block-structured Heap},
 booktitle = {Proceedings of the 7th International Symposium on Memory Management},
 series = {ISMM '08},
 year = 2008,
 isbn = {978-1-60558-134-7},
 location = {Tucson, AZ, USA},
 pages = {11--20},
 numpages = 10,
 url = {http://doi.acm.org/10.1145/1375634.1375637},
 doi = {10.1145/1375634.1375637},
 acmid = 1375637,
 publisher = {ACM},
 address = {New York, NY, USA},
 keywords = {parallel garbage collection},
} 

@inproceedings{marlow2011multicore,
 author = {Marlow, Simon and Peyton Jones, Simon},
 title = {Multicore Garbage Collection with Local Heaps},
 booktitle = {Proceedings of the International Symposium on Memory Management},
 series = {ISMM '11},
 year = 2011,
 isbn = {978-1-4503-0263-0},
 location = {San Jose, California, USA},
 pages = {21--32},
 numpages = 12,
 url = {http://doi.acm.org/10.1145/1993478.1993482},
 doi = {10.1145/1993478.1993482},
 acmid = 1993482,
 publisher = {ACM},
 address = {New York, NY, USA},
 keywords = {concurrent, garbage collection, generational, haskell, local heap, multicore, parallel},
}

@inproceedings{boehm1991mostly,
 author = {Boehm, Hans-J. and Demers, Alan J. and Shenker, Scott},
 title = {Mostly Parallel Garbage Collection},
 booktitle = {Proceedings of the ACM SIGPLAN 1991 Conference on Programming Language Design and Implementation},
 series = {PLDI '91},
 year = 1991,
 isbn = {0-89791-428-7},
 location = {Toronto, Ontario, Canada},
 pages = {157--164},
 numpages = 8,
 url = {http://doi.acm.org/10.1145/113445.113459},
 doi = {10.1145/113445.113459},
 acmid = 113459,
 publisher = {ACM},
 address = {New York, NY, USA},
}